%YAML 1.1
%TAG !u! tag:unity3d.com,2011:
--- !u!1 &8501255198196067240
GameObject:
  m_ObjectHideFlags: 0
  m_CorrespondingSourceObject: {fileID: 0}
  m_PrefabInstance: {fileID: 0}
  m_PrefabAsset: {fileID: 0}
  serializedVersion: 6
  m_Component:
  - component: {fileID: 2254067690569007504}
  - component: {fileID: 2153343361793534047}
  - component: {fileID: 3514496363327945179}
  - component: {fileID: 7551712077584771977}
  - component: {fileID: 4068498923464088098}
  m_Layer: 0
  m_Name: KeyGreen
  m_TagString: keygreen
  m_Icon: {fileID: 0}
  m_NavMeshLayer: 0
  m_StaticEditorFlags: 0
  m_IsActive: 1
--- !u!4 &2254067690569007504
Transform:
  m_ObjectHideFlags: 0
  m_CorrespondingSourceObject: {fileID: 0}
  m_PrefabInstance: {fileID: 0}
  m_PrefabAsset: {fileID: 0}
  m_GameObject: {fileID: 8501255198196067240}
  m_LocalRotation: {x: 0, y: 0, z: 0.7409512, w: 0.671559}
  m_LocalPosition: {x: -33.78, y: -2.134, z: -6.2758284}
  m_LocalScale: {x: 8.015747, y: 8.015747, z: 8.015747}
  m_Children: []
  m_Father: {fileID: 0}
  m_RootOrder: 0
  m_LocalEulerAnglesHint: {x: 0, y: 0, z: 95.62501}
--- !u!33 &2153343361793534047
MeshFilter:
  m_ObjectHideFlags: 0
  m_CorrespondingSourceObject: {fileID: 0}
  m_PrefabInstance: {fileID: 0}
  m_PrefabAsset: {fileID: 0}
  m_GameObject: {fileID: 8501255198196067240}
  m_Mesh: {fileID: -5546940888850326318, guid: 6f861a5f3e542c94a80038eab2cb83d1, type: 3}
--- !u!23 &3514496363327945179
MeshRenderer:
  m_ObjectHideFlags: 0
  m_CorrespondingSourceObject: {fileID: 0}
  m_PrefabInstance: {fileID: 0}
  m_PrefabAsset: {fileID: 0}
  m_GameObject: {fileID: 8501255198196067240}
  m_Enabled: 1
  m_CastShadows: 1
  m_ReceiveShadows: 1
  m_DynamicOccludee: 1
  m_MotionVectors: 1
  m_LightProbeUsage: 1
  m_ReflectionProbeUsage: 1
  m_RayTracingMode: 2
  m_RenderingLayerMask: 1
  m_RendererPriority: 0
  m_Materials:
  - {fileID: 2100000, guid: 182b14824cf98b04caf9bfb7bca54af8, type: 2}
  m_StaticBatchInfo:
    firstSubMesh: 0
    subMeshCount: 0
  m_StaticBatchRoot: {fileID: 0}
  m_ProbeAnchor: {fileID: 0}
  m_LightProbeVolumeOverride: {fileID: 0}
  m_ScaleInLightmap: 1
  m_ReceiveGI: 1
  m_PreserveUVs: 0
  m_IgnoreNormalsForChartDetection: 0
  m_ImportantGI: 0
  m_StitchLightmapSeams: 1
  m_SelectedEditorRenderState: 3
  m_MinimumChartSize: 4
  m_AutoUVMaxDistance: 0.5
  m_AutoUVMaxAngle: 89
  m_LightmapParameters: {fileID: 0}
  m_SortingLayerID: 0
  m_SortingLayer: 0
  m_SortingOrder: 0
--- !u!114 &7551712077584771977
MonoBehaviour:
  m_ObjectHideFlags: 0
  m_CorrespondingSourceObject: {fileID: 0}
  m_PrefabInstance: {fileID: 0}
  m_PrefabAsset: {fileID: 0}
  m_GameObject: {fileID: 8501255198196067240}
  m_Enabled: 1
  m_EditorHideFlags: 0
  m_Script: {fileID: 11500000, guid: 9ff967b7ed48f2441bcf509edf6b889a, type: 3}
  m_Name: 
  m_EditorClassIdentifier: 
  isAnimated: 0
  isRotating: 0
  isFloating: 0
  isScaling: 0
  rotationAngle: {x: 0, y: 0, z: 0}
  rotationSpeed: 0
  floatSpeed: 0
  floatRate: 0
  startScale: {x: 0, y: 0, z: 0}
  endScale: {x: 0, y: 0, z: 0}
  scaleSpeed: 0
  scaleRate: 0
--- !u!65 &4068498923464088098
BoxCollider:
  m_ObjectHideFlags: 0
  m_CorrespondingSourceObject: {fileID: 0}
  m_PrefabInstance: {fileID: 0}
  m_PrefabAsset: {fileID: 0}
  m_GameObject: {fileID: 8501255198196067240}
  m_Material: {fileID: 0}
  m_IsTrigger: 1
  m_Enabled: 1
  serializedVersion: 2
  m_Size: {x: 0.032467462, y: 0.008091214, z: 0.070870444}
  m_Center: {x: -0.000000005587937, y: -0.0000000013969842, z: 0}
